@inproceedings{Kahn74,
  author = {Kahn, Gilles},
  booktitle = {IFIP Congress},
  description = {dblp},
  keywords = {kahn networks process},
  pages = {471-475},
  title = {The Semantics of Simple Language for Parallel Programming.},
  url = {http://dblp.uni-trier.de/db/conf/ifip/ifip74.html#Kahn74},
  year = 1974
}

@ARTICLE{Benkrid2008,
  author = {Benkrid,K.},
  title = {High Performance Reconfigurable Computing: From Applications to Hardware},
  journal = {IAENG international journal of computer science},
  year = 2008,
  volume = 35,
  owner = {sameer},
  timestamp = {2010.02.04}
}

@INPROCEEDINGS{Bhattacharyya2008,
  author = {Bhattacharyya,S. and Brebner,G. and Eker,J. and Janneck,J. and Mattavelli,M.
	and Platen,C.V.},
  title = {OpenDF-- A dataflow toolset for reconfigurable hardware and multicore
	systems},
  booktitle = {First Swedish workshop on multi-core computing(MCC)},
  year = {2008},
  owner = {sameer},
  timestamp = {2010.02.04}
}

@ARTICLE{Chalimbaud2007,
  author = {Chalimbaud,P. and  Berry, F.},
  title = {Embedded active vision system based on an FPGA architecture},
  journal = {EURASIP Journal on Embedded Systems},
  year = {2007},
  volume = {Volume 2007 ,  Issue 1  (January 2007)},
  pages = {26 - 26},
  owner = {sameer},
  timestamp = {2010.02.12}
}

@INPROCEEDINGS{Dahlin2009,
  author = {Dahlin,A. and Ersfolk,J. and Yang,G. and Habli,H. and Lilius, J.},
  title = {The Canals Language and its Compiler},
  booktitle = {12th International Workshop on Software and Compilers for Embedded
	Systems},
  year = {2009},
  owner = {sameer},
  timestamp = {2010.02.04}
}

@INPROCEEDINGS{Dahlin2009a,
  author = {Dahlin,A. and Ersfolk,J. and Yang,G. and Lilius, J.},
  title = {Configurable Video Decoding in a Dataflow Language},
  booktitle = {Conference on Design and Architectures for Signal and Image Processing
	(DASIP '09)},
  year = {2009},
  owner = {sameer},
  timestamp = {2010.02.04}
}

@TECHREPORT{CAL,
  author = {Eker,J. and Janneck, J.},
  title = {Cal language report},
  institution = {University of California at Berkeley},
  year = {2003},
  number = {ERL Technical Memo UCB/ERL M03/48},
  month = {December},
  owner = {sameer},
  timestamp = {2010.02.04}
}

@INPROCEEDINGS{Frigo2001,
  author = {Frigo,J. and Gokhale,M. and D. Lavenier},
  title = {Evaluation of the Streams-C C-to-FPGA compiler: An application perspective},
  booktitle = {9th ACM International Symposium on Field Programmable Gate Arrays},
  year = {2001},
  address = {Monterey, CA},
  month = {Feburary},
  owner = {sameer},
  timestamp = {2010.02.04}
}

@INPROCEEDINGS{Gupta2003,
  author = {Gupta, S. and Dutt,N. and Gupta,R. and Niculau, A.},
  title = {SPARK: A high-level synthesis framework for applying parallelizing
	compiler transformations},
  booktitle = {16th International Conference on VLSI Design},
  year = {2003},
  address = {New Delhi, India},
  month = {January},
  owner = {sameer},
  timestamp = {2010.02.04}
}

@CONFERENCE{Lucarz2008,
  author = {Lucarz,C. and Mattavelli,M. and Wipliez,M. and Roquier,G. and Raulet,M.
	and Janneck,J. W.},
  title = {Dataflow/actor-oriented language for the design of complex signal
	processing systems},
  booktitle = {Conference on design and architectures for signal and image processing},
  year = {2008},
  address = {Bruxelles, Belgiumet},
  owner = {sameer},
  timestamp = {2010.02.04}
}

@ARTICLE{Najjar2003,
  author = {Najjar,W. and Bohm, W. and Draper,B. and Hammes,J.and Rinker,R. and
	Beveridge,R. and Chawathe,M. and Ross,C.},
  title = {High-level language abstraction for reconfigurable computing},
  journal = {IEEE Computer},
  year = {2003},
  volume = {36(8)},
  pages = {63-69},
  month = {August},
  owner = {sameer},
  timestamp = {2010.02.04}
}

@INPROCEEDINGS{North1994,
  author = {North,S. and Koutsofios, E.},
  title = {Applications of graph visualization},
  booktitle = {Graphics Interface},
  year = {1994},
  address = {Banff, Alberta},
  owner = {sameer},
  timestamp = {2010.02.04}
}

@INPROCEEDINGS{FGN,
  author = {S\'erot,J.},
  title = {The semantics of a purely functional graph notation system},
  booktitle = {9th Symposium on Trends in Functional Programming},
  year = 2008,
  url = {http://wwwlasmea.univ-bpclermont.fr/Personnel/Jocelyn.Serot/fgn.html},
  owner = {sameer},
  timestamp = {2010.02.04}
}

@ARTICLE{SerotQZ95,
  author = {Jocelyn S{\'e}rot and Georges Qu{\'e}not and Bertrand Zavidovique},
  title = {A Visual Dataflow Programming Environment for a Real Time Parallel
	Vision Machine},
  journal = {J. Vis. Lang. Comput.},
  year = {1995},
  volume = {6},
  pages = {327-347},
  number = {4},
  bibsource = {DBLP, http://dblp.uni-trier.de}
}

@INPROCEEDINGS{Thies2002,
  author = {Thies,W. and Karczmarek, M. and Amarasinghe,S. P.},
  title = {Streamit: A language for streaming applications},
  booktitle = {11th International Conference on Compiler Construction},
  year = {2002},
  owner = {sameer},
  timestamp = {2010.02.04}
}

@CONFERENCE{Yankova2007,
  author = {Yankova,Y. and Kuzmanov,G.and Bertels,K. and Gaydadjiev,G. and Lu,Y.
	and Vassiliadis,S.},
  title = {DWARV: Delftworkbench Automated Reconfigurable VHDL Generator},
  booktitle = {International Conference on Field Programmable Logic and Applications},
  year = {2007},
  owner = {sameer},
  timestamp = {2010.02.04}
}

@INPROCEEDINGS{Yankova2006,
  author = {Yankova,Y. D. and Bertels, K.L.M.and Vassiliadis,S. and Kuzmanov
	,G.K. and Chaves,R.},
  title = {HLL-to-HDL Generation: Results and Challenges},
  booktitle = {ProRisc},
  year = {2006},
  month = {November},
  owner = {sameer},
  timestamp = {2010.02.04}
}

@ELECTRONIC{cameron,
  title = {Compiling high-level programs to fpga con?gurations},
  url = {http://www.cs.colostate.edu/cameron/},
  owner = {sameer},
  timestamp = {2010.02.04}
}

@ELECTRONIC{dsplogic,
  title = {DSPLogic},
  url = {http://www.dsplogic.com},
  owner = {sameer},
  timestamp = {2010.02.04}
}

@ELECTRONIC{graphivz,
  title = {Graphviz - Graph Visualization Software},
  url = {http://www.graphviz.org},
  owner = {sameer},
  timestamp = {2010.02.04}
}

@ELECTRONIC{Caml,
  title = {The Objective Caml Language},
  url = {http://caml.inria.fr}
}

@ELECTRONIC{ImpulseC,
  title = {Impulse Accelerated Technologies},
  organization = {Impulse C},
  url = {http://www.impulsec.com/},
  owner = {sameer},
  timestamp = {2010.02.04}
}

@ELECTRONIC{Mitriconics,
  title = {Mitrionics},
  url = {http://www.mitrionics.com},
  owner = {sameer},
  timestamp = {2010.02.04}
}

@ELECTRONIC{Xilinx,
  organization = {Xilinx Inc.},
  url = {http://www.xilinx.com/ise/optional-prod/system generator.htm},
  owner = {sameer},
  timestamp = {2010.02.04}
}

@MANUAL{2002,
  title = {Handel-C language reference manual},
  organization = {Celoxica Inc.},
  edition = {Version 3.1},
  year = {2002},
  owner = {sameer},
  timestamp = {2010.02.04}
}

@ARTICLE{jmva93,
  author =	{J. S\'erot and G. M. Qu\'enot and B. Zavidovique},
  title =	{Functional Programming on a data-Flow Architecture: Applications in Real Time Image Processing},
  journal =	{Intl Journal of Machine Vision and Applications},
  volume = 	7,
  number = 	1,
  pages =       {44--56},
  month = 	dec,
  year =	1993,
}

@article{Koren88,
 author = {Koren, Israel and Mendelsom, Bilha and Peled, Irit and Silberman, Gabriel M.},
 title = {A Data-Driven VLSI Array for Arbitrary Algorithms},
 journal = {Computer},
 volume = {21},
 number = {10},
 year = {1988},
 issn = {0018-9162},
 pages = {30--43},
 doi = {http://dx.doi.org/10.1109/2.7055},
 publisher = {IEEE Computer Society Press},
 address = {Los Alamitos, CA, USA},
 }

@article{Vasell92,
 author = {Vasell, Jesper and Vasell, Jonas},
 title = {The Function Processor: a data-driven processor array for irregular computations},
 journal = {Future Gener. Comput. Syst.},
 volume = {8},
 number = {4},
 year = {1992},
 issn = {0167-739X},
 pages = {321--335},
 doi = {http://dx.doi.org/10.1016/0167-739X(92)90066-K},
 publisher = {Elsevier Science Publishers B. V.},
 address = {Amsterdam, The Netherlands, The Netherlands},
 }

@article{Dennis80,
 author = {Dennis, J. B.},
 title = {Data Flow Supercomputers},
 journal = {Computer},
 volume = {13},
 number = {11},
 year = {1980},
 issn = {0018-9162},
 pages = {48--56},
 doi = {http://dx.doi.org/10.1109/MC.1980.1653418},
 publisher = {IEEE Computer Society Press},
 address = {Los Alamitos, CA, USA},
 }

@article{Davis82,
 author = {Davis, A. L. and Keller, R. M.},
 title = {Data Flow Program Graphs},
 journal = {Computer},
 volume = {15},
 number = {2},
 year = {1982},
 issn = {0018-9162},
 pages = {26--41},
 doi = {http://dx.doi.org/10.1109/MC.1982.1653939},
 publisher = {IEEE Computer Society Press},
 address = {Los Alamitos, CA, USA},
 }

@inproceedings{Hume,
 author = {Hammond, Kevin and Michaelson, Greg},
 title = {Hume: a domain-specific language for real-time embedded systems},
 booktitle = {GPCE '03: Proceedings of the 2nd international conference on Generative programming and component engineering},
 year = {2003},
 isbn = {3-540-20102-5},
 pages = {37--56},
 location = {Erfurt, Germany},
 publisher = {Springer-Verlag New York, Inc.},
 address = {New York, NY, USA},
 }

@ELECTRONIC{caph-lrm,
 author = {S\'erot, Jocelyn},
  title = {Caph Language Reference Manual - v 2.0},
  url = {http://caph.univ-bpclermont.fr}
}

@article {HumeBoxCalc,
   author = {Grov, Gudmund and Michaelson, Greg},
   affiliation = {University of Edinburgh, Edinburgh, UK},
   title = {Hume box calculus: robust system development through software transformation},
   journal = {Higher-Order and Symbolic Computation},
   publisher = {Springer Netherlands},
   issn = {1388-3690},
   keyword = {Computer Science},
   pages = {1-36},
   url = {http://dx.doi.org/10.1007/s10990-011-9067-y},
   note = {10.1007/s10990-011-9067-y},
   year = {2011}
}

@inproceedings{LucyN,
  author = {Louis Mandel and Florence Plateau and Marc Pouzet},
  title = {{Lucy-n}: a n-Synchronous Extension of {Lustre}},
  booktitle = {Tenth International Conference on Mathematics of Program Construction ({MPC 2010})},
  year = 2010,
  month = jun,
  address = {Qu{\'e}bec, Canada},
  url = {MandelPlateauPouzet-MPC-2010.pdf},
  webpage = {http://www.lri.fr/~mandel/lucy-n/mpc10/}
}

@inproceedings{SDF,
    author = {Lee, Edward A. and Messerschmitt, David G.},
    booktitle = {Proceedings of the IEEE},
    citeulike-article-id = 4075979,
    keywords = {concurrent, dataflow},
    month = sep,
    number = 9,
    pages = {1235--1245},
    posted-at = {2009-02-21 01:20:51},
    priority = 0,
    title = {{Synchronous Data Flow}},
    volume = 75,
    year = 1987
}

@article{DPN,
author = {E.A. Lee, T.M. Parks},
title = {Dataflow process networks},
journal = {Proceedings of The IEEE},
volume = 83,
year = 1995,
pages = {773--801},
doi = {10.1109/5.381846},
masid = 124037
}

@phdthesis{Parks1995,
author = {T.M. Parks},
title = {Bounded Scheduling of Process Networks},
school = {UCB},
year = 1995
}

@article{Wipliez2012,
 author = {Wipliez, Matthieu and Raulet, Micka\"{e}l},
 title = {Classification of Dataflow Actors with Satisfiability and Abstract Interpretation},
 journal = {Int. J. Embed. Real-Time Commun. Syst.},
 issue_date = {January 2012},
 volume = {3},
 number = {1},
 month = jan,
 year = {2012},
 issn = {1947-3176},
 pages = {49--69},
 numpages = {21},
} 
